@article{twb,
title = "The Tableau Workbench",
journal = "Electronic Notes in Theoretical Computer Science",
volume = "231",
number = "",
pages = "55 - 67",
year = "2009",
note = "Proceedings of the 5th Workshop on Methods for Modalities (M4M5 2007)",
issn = "1571-0661",
doi = "http://dx.doi.org/10.1016/j.entcs.2009.02.029",
url = "http://www.sciencedirect.com/science/article/pii/S1571066109000346",
author = "Pietro Abate and Rajeev Gor√©",
keywords = "generic tableau theorem prover",
keywords = "automated deduction",
keywords = "tableaux strategies",
keywords = "system description"
}
