@inproceedings{del2001lotrec,
  title={Lotrec: the generic tableau prover for modal and description logics},
  author={del Cerro, Luis Farinas and Fauthoux, David and Gasquet, Olivier and Herzig, Andreas and Longin, Dominique and Massacci, Fabio},
  booktitle={IJCAR},
  volume={1},
  pages={453--458},
  year={2001},
  organization={Springer}
}

@article{tsarkov2006fact++,
  title={FaCT++ description logic reasoner: System description},
  author={Tsarkov, Dmitry and Horrocks, Ian},
  journal={Automated reasoning},
  pages={292--297},
  year={2006},
  publisher={Springer}
}

@inproceedings{hustadt2000mspass,
  title={MSPASS: Modal reasoning by translation and first-order resolution},
  author={Hustadt, Ulrich and Schmidt, Renate A},
  booktitle={TABLEAUX},
  volume={1847},
  pages={67--71},
  year={2000},
  organization={Springer}
}

@book{abate2007tableau,
  title={The Tableau Workbench: a framework for building automated tableau-based theorem provers},
  author={Abate, Pietro},
  year={2007},
  publisher={Citeseer}
}

@article{letouzey2008extraction,
  title={Extraction in coq: An overview},
  author={Letouzey, Pierre},
  journal={Logic and Theory of Algorithms},
  pages={359--369},
  year={2008},
  publisher={Springer}
}

@article{kelly2009revised,
  title={A Revised Tactic Semantics for the Tableau Work Bench},
  author={Kelly, Jack Daniel},
  year={2009}
}
@inproceedings{barthe2006defining,
  title={Defining and reasoning about recursive functions: a practical tool for the Coq proof assistant},
  author={Barthe, Gilles and Forest, Julien and Pichardie, David and Rusu, Vlad},
  booktitle={FLOPS},
  volume={3945},
  pages={114--129},
  year={2006},
  organization={Springer}
}

@article{van2015propositional,
  title={Propositional Calculus in Coq},
  author={van Doorn, Floris},
  journal={arXiv preprint arXiv:1503.08744},
  year={2015}
}

@article{dawson2003new,
  title={A new machine-checked proof of strong normalisation for display logic},
  author={Dawson, Jeremy E and Gor{\'e}, Rajeev},
  journal={Electronic Notes in Theoretical Computer Science},
  volume={78},
  pages={20--39},
  year={2003},
  publisher={Elsevier}
}

@phdthesis{barras1997coq,
  title={The Coq proof assistant reference manual: Version 6.1},
  author={Barras, Bruno and Boutin, Samuel and Cornes, Cristina and Courant, Judica{\"e}l and Filliatre, Jean-Christophe and Gimenez, Eduardo and Herbelin, Hugo and Huet, Gerard and Munoz, Cesar and Murthy, Chetan and others},
  year={1997},
  school={Inria}
}

@book{d2013handbook,
  title={Handbook of tableau methods},
  author={D'Agostino, Marcello and Gabbay, Dov M and H{\"a}hnle, Reiner and Posegga, Joachim},
  year={2013},
  publisher={Springer Science \& Business Media}
}

@article{castilho1997modal,
  title={Modal tableaux with propagation rules and structural rules},
  author={Castilho, Marcos A and del Cerro, Luis Farinas and Gasquet, Olivier and Herzig, Andreas},
  journal={Fundamenta Informaticae},
  volume={32},
  number={3, 4},
  pages={281--297},
  year={1997},
  publisher={IOS Press}
}

